@book{bringhurst1996ets,
  title={{The Elements of Typographic Style}},
  author={Bringhurst, Robert},
  year={1996},
  publisher={Hartley \& Marks}
}

@misc{curiosity,
 title   = {Mars Rover Curiosity, Front View},
 author  = {{NASA/JPL-Caltech}},
 year    = {{2011}},
 urlseen = {{14-03-15}},
 howpublished     = {\url{http://www.jpl.nasa.gov/spaceimages/details.php?id=PIA14254}},
 note = {Accessed: 2015-03-15}
}

@inbook{alonzoKelly,
title = {Mobile Robotics, Mathematics, Models and Methods},
author = {Kelly, Alonzo},
year = {2013},
publisher = {Cambridge University Press},
pages = {3},
}

@manual{sickDatasheet,
title = {LMS200/211/221/291 Laser Measurement Systems Technical Description},
organization = {SICK AG},
}

@manual{xsensDatasheet,
title = {MTi Miniature Attitude and Heading Reference System Leaflet},
organization = {Xsens Technologies B.V.},
}

@misc{kinectSpecs,
 title   = {Specifications for the Kinect},
 author  = {{Microsoft Corporation}},
 urlseen = {{25-05-15}},
 howpublished     = {\url{https://msdn.microsoft.com/en-us/library/jj131033.aspx}},
 note = {Accessed: 2015-05-25}
}

@manual{ezdspDatasheet,
	title = {eZdsp\textsuperscript{TM} F28335 Technical Reference},
	organization = {Spectrum Digital, Inc.},
	year = {2007},
	month = {November}
}

@conference{Quigley09,
	title = {ROS: an open-source Robot Operating System},
	author = {Morgan Quigley and Brian Gerkey and Ken Conley and Josh Faust and Tully Foote and Jeremy Leibs and Eric Berger and Rob Wheeler and Andrew Ng},
	booktitle = {International Conference on Robotics and Automation},
	year = {2009},
	note = {Open-Source Software Workshop}
}

@misc{rosCoreComponents,
	title   = {Core Components},
	author  = {{ROS Website}},
	urlseen = {{25-05-25}},
	howpublished     = {\url{http://www.ros.org/core-components/}},
	note = {Accessed: 2015-05-25}
}

@misc{rosRaspbian,
	title   = {Installing on Raspberry PI/Raspbian},
	author  = {{ROS Wiki Website}},
	urlseen = {{25-05-23}},
	howpublished     = {\url{http://wiki.ros.org/groovy/Installation/Raspbian}},
	note = {Accessed: 2015-05-23}
}

@misc{rosFileSystem,
	title   = {Navigating the ROS Filesystem},
	author  = {{ROS Wiki Website}},
	urlseen = {{25-05-24}},
	howpublished     = {\url{http://wiki.ros.org/ROS/Tutorials/NavigatingTheFilesystem}},
	note = {Accessed: 2015-05-24}
}

@misc{rosCatkin,
	title   = {Catkin Conceptual Overview},
	author  = {{ROS Wiki Website}},
	urlseen = {{25-05-24}},
	howpublished     = {\url{http://wiki.ros.org/catkin/conceptual_overview}},
	note = {Accessed: 2015-05-24}
}

@manual{eposManual,
	title = {EPOS 70/10 Online Manual},
	organization = {Maxon Motor},
	year = {2007}
}

@inbook{Martinez-Ros,
	title = {Learning ROS for Robotics Programming},
	author = {Aaron Martinez and Enrique Fernandez},
	publisher = {Pack Publishing Ltd.},
	year = {2013},
	chapter = {5},
	pages = {156-158}
}

@misc{robotPoseEkf,
	title   = {Robot Pose EKF},
	author  = {{ROS Wiki Website}},
	urlseen = {{25-05-22}},
	howpublished     = {\url{http://wiki.ros.org/robot_pose_ekf}},
	note = {Accessed: 2015-05-22}
}
